@article{suzuki2024fed3dgs,
  title={{Fed3DGS: Scalable 3D Gaussian Splatting with Federated Learning}},
  author={Suzuki, Teppei},
  journal={arXiv preprint arXiv:2403.11460},
  year={2024}
}

//======================= Reviews =======================//
@ARTICLE{comst22-balkus,
  author={Balkus, Salvador V. and Wang, Honggang and Cornet, Brian D. and Mahabal, Chinmay and Ngo, Hieu and Fang, Hua},
  journal={IEEE Communications Surveys \& Tutorials}, 
  title={A Survey of Collaborative Machine Learning Using 5G Vehicular Communications}, 
  year={2022},
  volume={24},
  number={2},
  pages={1280-1303},
  doi={10.1109/COMST.2022.3149714}
}

@ARTICLE{tiv23-chellapandi,
  author={Chellapandi, Vishnu Pandi and Yuan, Liangqi and Brinton, Christopher G. and Żak, Stanislaw H. and Wang, Ziran},
  journal={IEEE Transactions on Intelligent Vehicles}, 
  title={Federated Learning for Connected and Automated Vehicles: A Survey of Existing Approaches and Challenges}, 
  year={2024},
  volume={9},
  number={1},
  pages={119-137},
  doi={10.1109/TIV.2023.3332675}
}

//=================== Related - Known Rate ===================//
@ARTICLE{jsac23-zhang,
  author={Zhang, Shengyu and Zhang, Shiyao and Yuan, Weijie and Li, Yonghui and Hanzo, Lajos},
  journal={IEEE Journal on Selected Areas in Communications}, 
  title={Efficient Rate-Splitting Multiple Access for the Internet of Vehicles: Federated Edge Learning and Latency Minimization}, 
  year={2023},
  volume={41},
  number={5},
  pages={1468-1483},
  doi={10.1109/JSAC.2023.3240716}
}

@ARTICLE{tmc23-zhang,
  author={Zhang, Xinran and Chang, Zheng and Hu, Tao and Chen, Weilong and Zhang, Xin and Min, Geyong},
  journal={IEEE Transactions on Mobile Computing}, 
  title={Vehicle Selection and Resource Allocation for Federated Learning-Assisted Vehicular Network}, 
  year={2024},
  volume={23},
  number={5},
  pages={3817-3829},
  doi={10.1109/TMC.2023.3283295}
}

//=============== Related - Contant Speed/Rate ===============//
@ARTICLE{tvt22-shinde,
  author={Shinde, Swapnil Sadashiv and Bozorgchenani, Arash and Tarchi, Daniele and Ni, Qiang},
  journal={IEEE Transactions on Vehicular Technology}, 
  title={On the Design of Federated Learning in Latency and Energy Constrained Computation Offloading Operations in Vehicular Edge Computing Systems}, 
  year={2022},
  volume={71},
  number={2},
  pages={2041-2057},
  doi={10.1109/TVT.2021.3135332}
}

@ARTICLE{tvt21-zhao,
  author={Zhao, Zichao and Xia, Junjuan and Fan, Lisheng and Lei, Xianfu and Karagiannidis, George K. and Nallanathan, Arumugam},
  journal={IEEE Transactions on Vehicular Technology}, 
  title={System Optimization of Federated Learning Networks With a Constrained Latency}, 
  year={2022},
  volume={71},
  number={1},
  pages={1095-1100},
  doi={10.1109/TVT.2021.3128559}
}

@ARTICLE{tits22-taik,
  author={Taïk, Afaf and Mlika, Zoubeir and Cherkaoui, Soumaya},
  journal={IEEE Transactions on Intelligent Transportation Systems}, 
  title={Clustered Vehicular Federated Learning: Process and Optimization}, 
  year={2022},
  volume={23},
  number={12},
  pages={25371-25383},
  doi={10.1109/TITS.2022.3149860}
}

//================= Related - Not Explicit =================//
@ARTICLE{tits22-liu,
  author={Liu, Su and Yu, Jiong and Deng, Xiaoheng and Wan, Shaohua},
  journal={IEEE Transactions on Intelligent Transportation Systems}, 
  title={FedCPF: An Efficient-Communication Federated Learning Approach for Vehicular Edge Computing in 6G Communication Networks}, 
  year={2022},
  volume={23},
  number={2},
  pages={1616-1629},
  doi={10.1109/TITS.2021.3099368}
}

@ARTICLE{tmc21-saputra,
  author={Saputra, Yuris Mulya and Hoang, Dinh Thai and Nguyen, Diep N. and Tran, Le-Nam and Gong, Shimin and Dutkiewicz, Eryk},
  journal={IEEE Transactions on Mobile Computing}, 
  title={Dynamic Federated Learning-Based Economic Framework for Internet-of-Vehicles}, 
  year={2023},
  volume={22},
  number={4},
  pages={2100-2115},
  doi={10.1109/TMC.2021.3122436}
}

@ARTICLE{tvt22-lee,
  author={Lee, Jaewook and Ko, Haneul and Seo, Sangwon and Pack, Sangheon},
  journal={IEEE Transactions on Vehicular Technology}, 
  title={Data Distribution-Aware Online Client Selection Algorithm for Federated Learning in Heterogeneous Networks}, 
  year={2023},
  volume={72},
  number={1},
  pages={1127-1136},
  doi={10.1109/TVT.2022.3205307}
}

@ARTICLE{tvt21-yang,
  author={Yang, Miao and Qian, Hua and Wang, Ximin and Zhou, Yong and Zhu, Hongbin},
  journal={IEEE Transactions on Vehicular Technology}, 
  title={Client Selection for Federated Learning With Label Noise}, 
  year={2022},
  volume={71},
  number={2},
  pages={2193-2197},
  doi={10.1109/TVT.2021.3131852}
}

//======================= Suggested =======================//
@ARTICLE{jsac23-du,
  author={Du, Jun and Jiang, Bingqing and Jiang, Chunxiao and Shi, Yuanming and Han, Zhu},
  journal={IEEE Journal on Selected Areas in Communications}, 
  title={Gradient and Channel Aware Dynamic Scheduling for Over-the-Air Computation in Federated Edge Learning Systems}, 
  year={2023},
  volume={41},
  number={4},
  pages={1035-1050},
  doi={10.1109/JSAC.2023.3242727}
}

@ARTICLE{iotj22-he,
  author={He, Jing and Guo, Songtao and Qiao, Dewen and Yi, Lin},
  journal={IEEE Internet of Things Journal}, 
  title={HeteFL: Network-Aware Federated Learning Optimization in Heterogeneous MEC-Enabled Internet of Things}, 
  year={2022},
  volume={9},
  number={15},
  pages={14073-14086},
  doi={10.1109/JIOT.2022.3145360}
}

@ARTICLE{tmc24-shen,
  author={Shen, Jinglong and Cheng, Nan and Wang, Xiucheng and Lyu, Feng and Xu, Wenchao and Liu, Zhi and Aldubaikhy, Khalid and Shen, Xuemin},
  journal={IEEE Transactions on Mobile Computing}, 
  title={{RingSFL}: An Adaptive Split Federated Learning Towards Taming Client Heterogeneity}, 
  year={2024},
  volume={23},
  number={5},
  pages={5462-5478},
  doi={10.1109/TMC.2023.3309633}
}

@ARTICLE{tmc24-xu,
  author={Xu, Zichuan and Li, Dongrui and Liang, Weifa and Xu, Wenzheng and Xia, Qiufen and Zhou, Pan and Rana, Omer F. and Li, Hao},
  journal={IEEE Transactions on Mobile Computing}, 
  title={Energy or Accuracy? Near-Optimal User Selection and Aggregator Placement for Federated Learning in MEC}, 
  year={2024},
  volume={23},
  number={3},
  pages={2470-2485},
  doi={10.1109/TMC.2023.3262829}
}

//======================= Collaborated =======================//
@ARTICLE{mdp-cui,
  author={Cui, Ying and Lau, Vincent K. N.},
  journal={IEEE Transactions on Signal Processing}, 
  title={Distributive Stochastic Learning for Delay-Optimal OFDMA Power and Subband Allocation}, 
  year={2010},
  volume={58},
  number={9},
  pages={4848-4858},
  keywords={Stochastic processes;Physical layer;Queueing analysis;Constraint theory;Delay systems;Power system modeling;Channel state information;Computational complexity;Base stations;Infinite horizon;Delay-optimal;distributive stochastic learning;MDP;OFDMA;power allocation;subband allocation},
  doi={10.1109/TSP.2010.2050062}
}
@ARTICLE{mdp-zhou,
  author={Zhou, Bo and Cui, Ying and Tao, Meixia},
  journal={IEEE Transactions on Wireless Communications}, 
  title={Stochastic Content-Centric Multicast Scheduling for Cache-Enabled Heterogeneous Cellular Networks}, 
  year={2016},
  volume={15},
  number={9},
  pages={6284-6297},
  keywords={Wireless communication;Delays;Scheduling;Heuristic algorithms;Stochastic processes;Multicast communication;Approximation algorithms;Heterogeneous cellular networks;wireless caching;content-centric;multicast;Markov decision process;structural properties;queueing},
  doi={10.1109/TWC.2016.2582689}
}
@ARTICLE{mdp-lv,
  author={Lv, Bojie and Wang, Rui},
  journal={IEEE Transactions on Communications}, 
  title={Delay-Aware Two-Time-Scale Scheduling for mmWave Systems with Mobility and Environment Knowledge}, 
  year={2024},
  volume={},
  number={},
  pages={1-1},
  keywords={Uplink;Mobile agents;Millimeter wave communication;Resource management;Sensors;Phased arrays;Optimization;Sensing-assisted communication;dynamic programming;resource allocation},
  doi={10.1109/TCOMM.2024.3366390}
}
@ARTICLE{mdp-huang,
  author={Huang, Shanfeng and Lv, Bojie and Wang, Rui and Huang, Kaibin},
  journal={IEEE Transactions on Vehicular Technology}, 
  title={Scheduling for Mobile Edge Computing With Random User Arrivals—An Approximate MDP and Reinforcement Learning Approach}, 
  year={2020},
  volume={69},
  number={7},
  pages={7735-7750},
  keywords={Task analysis;Mobile handsets;Servers;Processor scheduling;Reinforcement learning;Uplink;Optimization;Mobile edge computing;random user arrivals;approximate MDP;reinforcement learning},
  doi={10.1109/TVT.2020.2990482}
}
@ARTICLE{feel-wangs,
  author={Wang, Shuai and Li, Chengyang and Ng, Derrick Wing Kwan and Eldar, Yonina C. and Poor, H. Vincent and Hao, Qi and Xu, Chengzhong},
  journal={IEEE Network}, 
  title={Federated Deep Learning Meets Autonomous Vehicle Perception: Design and Verification}, 
  year={2023},
  volume={37},
  number={3},
  pages={16-25},
  keywords={Roads;Training;Sensors;Servers;Task analysis;Semantics;Planning},
  doi={10.1109/MNET.104.2100403}
}


//======================= Common Citations =======================//
@inproceedings{CARLA,
  title = { {CARLA}: {An} Open Urban Driving Simulator},
  author = {Alexey Dosovitskiy and German Ros and Felipe Codevilla and Antonio Lopez and Vladlen Koltun},
  booktitle = {Proceedings of the 1st Annual Conference on Robot Learning},
  pages = {1--16},
  year = {2017}
}

@inproceedings{SUMO,
  title = {Microscopic Traffic Simulation using SUMO},
  author = {Pablo Alvarez Lopez and Michael Behrisch and Laura Bieker-Walz and Jakob Erdmann and Yun-Pang Fl{\"o}tter{\"o}d and Robert Hilbrich and Leonhard L{\"u}cken and Johannes Rummel and Peter Wagner and Evamarie Wie{\ss}ner},
  publisher = {IEEE},
  booktitle = {The 21st IEEE International Conference on Intelligent Transportation Systems},
  year = {2018},
  journal = {IEEE Intelligent Transportation Systems Conference (ITSC)},
  keywords = {traffic simulation, modelling, optimization},
  url = {https://elib.dlr.de/124092/}
}

@misc{unrealengine,
  author = {{Epic Games}},
  title = {Unreal Engine},
  url = {https://www.unrealengine.com},
  version = {4.24},
  year = {2019},
}

@misc{OpenDRIVE,
	author = {},
	title = {{ASAM OpenDRIVE}},
	howpublished = {\url{https://www.asam.net/standards/detail/opendrive/}},
	year = {},
}

@inproceedings{FedAvg,
  title={Communication-efficient learning of deep networks from decentralized data},
  author={McMahan, Brendan and Moore, Eider and Ramage, Daniel and Hampson, Seth and y Arcas, Blaise Aguera},
  booktitle={Artificial intelligence and statistics},
  pages={1273--1282},
  year={2017},
  organization={PMLR}
}

@article{icra21-invs,
  author    = {Zijian Zhang and
               Shuai Wang and
               Yuncong Hong and
               Liangkai Zhou and
               Qi Hao},
  title     = {Distributed Dynamic Map Fusion via Federated Learning for Intelligent Networked Vehicles},
  journal   = {CoRR},
  volume    = {abs/2103.03786},
  year      = {2021},
  archivePrefix = {arXiv},
  eprint    = {2103.03786},
  timestamp = {Mon, 15 Mar 2021 17:30:55 +0100},
  biburl    = {https://dblp.org/rec/journals/corr/abs-2103-03786.bib},
  bibsource = {dblp computer science bibliography, https://dblp.org}
}

@Article{SECOND,
  AUTHOR = {Yan, Yan and Mao, Yuxing and Li, Bo},
  TITLE = {SECOND: Sparsely Embedded Convolutional Detection},
  JOURNAL = {Sensors},
  VOLUME = {18},
  YEAR = {2018},
  NUMBER = {10},
  ARTICLE-NUMBER = {3337},
  URL = {https://www.mdpi.com/1424-8220/18/10/3337},
  ISSN = {1424-8220},
  DOI = {10.3390/s18103337}
}

@Article{sumo-accuracy-mdpi,
  AUTHOR = {Ma, Xiaoyi and Hu, Xiaowei and Weber, Thomas and Schramm, Dieter},
  TITLE = {Evaluation of Accuracy of Traffic Flow Generation in SUMO},
  JOURNAL = {Applied Sciences},
  VOLUME = {11},
  YEAR = {2021},
  NUMBER = {6},
  ARTICLE-NUMBER = {2584},
  ISSN = {2076-3417},
  DOI = {10.3390/app11062584}
}

@ARTICLE{path-loss,
  author={Erceg, V. and Greenstein, L.J. and Tjandra, S.Y. and Parkoff, S.R. and Gupta, A. and Kulic, B. and Julius, A.A. and Bianchi, R.},
  journal={IEEE Journal on Selected Areas in Communications}, 
  title={An empirically based path loss model for wireless channels in suburban environments}, 
  year={1999},
  volume={17},
  number={7},
  pages={1205-1211},
  doi={10.1109/49.778178}
}

//======================= Math Citations =======================//
@book{boyd-convex,
  author = {Boyd, Stephen and Vandenberghe, Lieven},
  howpublished = {Hardcover},
  isbn = {0521833787},
  month = {March},
  priority = {4},
  publisher = {{Cambridge University Press}},
  title = {Convex Optimization},
  year = 2004
}

@inproceedings{Nesterov83,
  author = {Su, Weijie and Boyd, Stephen and Cand\`{e}s, Emmanuel J.},
  title = {A Differential Equation for Modeling Nesterov's Accelerated Gradient Method: Theory and Insights},
  year = {2014},
  publisher = {MIT Press},
  address = {Cambridge, MA, USA},
  abstract = {We derive a second-order ordinary differential equation (ODE), which is the limit of Nesterov's accelerated gradient method. This ODE exhibits approximate equivalence to Nesterov's scheme and thus can serve as a tool for analysis. We show that the continuous time ODE allows for a better understanding of Nesterov's scheme. As a byproduct, we obtain a family of schemes with similar convergence rates. The ODE interpretation also suggests restarting Nesterov's scheme leading to an algorithm, which can be rigorously proven to converge at a linear rate whenever the objective is strongly convex.},
  booktitle = {Proceedings of the 27th International Conference on Neural Information Processing Systems - Volume 2},
  pages = {2510-2518},
  numpages = {9},
  location = {Montreal, Canada},
  series = {NIPS'14}
}

@article{monteiro1994,
  title={Local convergence of interior-point algorithms for degenerate monotone LCP},
  author={Monteiro, Renato DC and Wright, Stephen J},
  journal={Computational Optimization and Applications},
  volume={3},
  number={2},
  pages={131--155},
  year={1994},
  publisher={Springer}
}

@article{Turnbull1930,
  doi = {10.1017/s0013091500007537},
  year = {1930},
  month = jan,
  publisher = {Cambridge University Press ({CUP})},
  volume = {2},
  number = {1},
  pages = {33--54},
  author = {H. W. Turnbull},
  title = {A Matrix Form of Taylor{\textquotesingle}s Theorem},
  journal = {Proceedings of the Edinburgh Mathematical Society}
}

@misc{Medoid-PAM,
  DOI={10.1002/9780470316801.ch2},
  journal={Finding Groups in Data},
  publisher={John Wiley & Sons, Inc.},
  pages={68--125}
}

@book{Boyd04,
  added-at = {2006-04-12T21:13:14.000+0200},
  author = {Boyd, Stephen and Vandenberghe, Lieven},
  citeulike-article-id = {163662},
  description = {CiteULike},
  howpublished = {Hardcover},
  isbn = {0521833787},
  keywords = {books optimization},
  month = {March},
  priority = {4},
  publisher = {{Cambridge University Press}},
  timestamp = {2006-04-12T21:13:14.000+0200},
  title = {Convex Optimization},
  year = 2004
}

@article{fast-projection,
  title={Fast projection onto the simplex and the l1 ball},
  author={Laurent, Condat},
  journal={Math. Prog},
  volume={158},
  pages={575--585},
  year={2016}
}


//======================= Related Works =======================//
@article{ad-survey,
  title={A survey of deep learning techniques for autonomous driving},
  author={Grigorescu, Sorin and Trasnea, Bogdan and Cocias, Tiberiu and Macesanu, Gigel},
  journal={Journal of Field Robotics},
  volume={37},
  number={3},
  pages={362--386},
  year={2020},
  publisher={Wiley Online Library}
}
@ARTICLE{vfl-survey,
  author={Posner, Jason and Tseng, Lewis and Aloqaily, Moayad and Jararweh, Yaser},
  journal={IEEE Network}, 
  title={Federated Learning in Vehicular Networks: Opportunities and Solutions}, 
  year={2021},
  volume={35},
  number={2},
  pages={152-159},
  doi={10.1109/MNET.011.2000430}
}


// deterministic optimization
@INPROCEEDINGS{ICC23-Bansal,
  author={Bansal, Nishu and Mittal, Shilpi and Bali, Rasmeet S. and Kumar, Neeraj and Rodrigues, Joel and Zhao, Liang},
  booktitle={ICC 2023 - IEEE International Conference on Communications},
  title={Federated Learning Based Task Orchestration Scheme Using Intelligent Vehicular Edge Networks},
  year={2023},
  volume={},
  number={},
  pages={416-421},
  keywords={Data privacy;Federated learning;Transportation;Complexity theory;Task analysis;Edge computing;Intelligent Transportation System;Vehicular Edge Networks;Federated Learning;Task Orchestration},
  doi={10.1109/ICC45041.2023.10279392}
}
@INPROCEEDINGS{Globecom18-Wang,
  author={Wang, Hansong and Li, Xi and Ji, Hong and Zhang, Heli},
  booktitle={2018 IEEE Globecom Workshops (GC Wkshps)}, 
  title={Federated Offloading Scheme to Minimize Latency in MEC-Enabled Vehicular Networks}, 
  year={2018},
  volume={},
  number={},
  pages={1-6},
  doi={10.1109/GLOCOMW.2018.8644315}
}
@ARTICLE{Access19-Xu,
  author={Xu, Xiaolong and Xue, Yuan and Li, Xiang and Qi, Lianyong and Wan, Shaohua},
  journal={IEEE Access}, 
  title={A Computation Offloading Method for Edge Computing With Vehicle-to-Everything}, 
  year={2019},
  volume={7},
  number={},
  pages={131068-131077},
  doi={10.1109/ACCESS.2019.2940295}
}
@ARTICLE{TITS21-Xiao,
  author={Xiao, Huizi and Zhao, Jun and Pei, Qingqi and Feng, Jie and Liu, Lei and Shi, Weisong},
  journal={IEEE Transactions on Intelligent Transportation Systems}, 
  title={Vehicle Selection and Resource Optimization for Federated Learning in Vehicular Edge Computing}, 
  year={2021},
  volume={},
  number={},
  pages={1-15},
  doi={10.1109/TITS.2021.3099597}
}
@ARTICLE{JSAC23-Pervej,
  author={Pervej, Md Ferdous and Jin, Richeng and Dai, Huaiyu},
  journal={IEEE Journal on Selected Areas in Communications}, 
  title={Resource Constrained Vehicular Edge Federated Learning With Highly Mobile Connected Vehicles}, 
  year={2023},
  volume={41},
  number={6},
  pages={1825-1844},
  doi={10.1109/JSAC.2023.3273700}
}
@ARTICLE{IOTJ22-Lv,
  author={Lv, Wenkai and Yang, Pengfei and Zheng, Tianyang and Yi, Bijie and Ding, Yunqing and Wang, Quan and Deng, Minwen},
  journal={IEEE Internet of Things Journal}, 
  title={Energy Consumption and QoS-Aware Co-Offloading for Vehicular Edge Computing}, 
  year={2023},
  volume={10},
  number={6},
  pages={5214-5225},
  doi={10.1109/JIOT.2022.3221966}
}
@ARTICLE{TVT22-Hui,
  author={Hui, Yilong and Zhao, Gaosheng and Li, Changle and Cheng, Nan and Yin, Zhisheng and Luan, Tom H. and Xiao, Xiao},
  journal={IEEE Transactions on Vehicular Technology}, 
  title={Digital Twins Enabled On-Demand Matching for Multi-Task Federated Learning in HetVNets}, 
  year={2023},
  volume={72},
  number={2},
  pages={2352-2364},
  doi={10.1109/TVT.2022.3211005}
}

// stochastic optimization
@article{FGCS23-Sethi,
  title = {FedDOVe: A Federated Deep Q-learning-based Offloading for Vehicular fog computing},
  journal = {Future Generation Computer Systems},
  volume = {141},
  pages = {96-105},
  year = {2023},
  issn = {0167-739X},
  doi = {https://doi.org/10.1016/j.future.2022.11.012},
  author = {Vivek Sethi and Sujata Pal},
  keywords = {Connected Autonomous Vehicles (CAVs), Vehicular fog computing, Computation offloading, Load balancing, Energy optimization},
}
@ARTICLE{Access19-Liu,
  author={Liu, Jun and Wang, Shoubin and Wang, Jintao and Liu, Chang and Yan, Yan},
  journal={IEEE Access}, 
  title={A Task Oriented Computation Offloading Algorithm for Intelligent Vehicle Network With Mobile Edge Computing},
  year={2019},
  volume={7},
  number={},
  pages={180491-180502},
  doi={10.1109/ACCESS.2019.2958883}
}
@ARTICLE{TVT18-Ni,
  author={Ni, Yuanzhi and He, Jianping and Cai, Lin and Bo, Yuming},
  journal={IEEE Transactions on Vehicular Technology}, 
  title={Data Uploading in Hybrid V2V/V2I Vehicular Networks: Modeling and Cooperative Strategy}, 
  year={2018},
  volume={67},
  number={5},
  pages={4602-4614},
  doi={10.1109/TVT.2018.2796563}
}
@ARTICLE{TVT19-Liu,
  author={Liu, Yi and Yu, Huimin and Xie, Shengli and Zhang, Yan},
  journal={IEEE Transactions on Vehicular Technology}, 
  title={Deep Reinforcement Learning for Offloading and Resource Allocation in Vehicle Edge Computing and Networks}, 
  year={2019},
  volume={68},
  number={11},
  pages={11158-11168},
  doi={10.1109/TVT.2019.2935450}
}
@ARTICLE{WC16-Salahuddin,
  author={Salahuddin, Mohammad A. and Al-Fuqaha, Ala and Guizani, Mohsen},
  journal={IEEE Wireless Communications}, 
  title={Reinforcement learning for resource provisioning in the vehicular cloud},
  year={2016},
  volume={23},
  number={4},
  pages={128-135},
  doi={10.1109/MWC.2016.7553036}
}
@ARTICLE{TITS16-Wang,
  author={Wang, Chuanmeizhi and Li, Yong and Jin, Depeng and Chen, Sheng},
  journal={IEEE Transactions on Intelligent Transportation Systems}, 
  title={On the Serviceability of Mobile Vehicular Cloudlets in a Large-Scale Urban Environment}, 
  year={2016},
  volume={17},
  number={10},
  pages={2960-2970},
  doi={10.1109/TITS.2016.2561293}
}

// UAV works
@INPROCEEDINGS{ICC20-Zeng,
  author={Zeng, Tengchan and Semiari, Omid and Mozaffari, Mohammad and Chen, Mingzhe and Saad, Walid and Bennis, Mehdi},
  booktitle={ICC 2020 - 2020 IEEE International Conference on Communications (ICC)}, 
  title={Federated Learning in the Sky: Joint Power Allocation and Scheduling with UAV Swarms}, 
  year={2020},
  volume={},
  number={},
  pages={1-6},
  doi={10.1109/ICC40277.2020.9148776}
}
@ARTICLE{TII21-Lu,
  author={Lu, Weidang and Ding, Yu and Gao, Yuan and Hu, Su and Wu, Yuan and Zhao, Nan and Gong, Yi},
  journal={IEEE Transactions on Industrial Informatics}, 
  title={Resource and Trajectory Optimization for Secure Communications in Dual Unmanned Aerial Vehicle Mobile Edge Computing Systems}, 
  year={2022},
  volume={18},
  number={4},
  pages={2704-2713},
  doi={10.1109/TII.2021.3087726}
}
